
@image{miguel_spule_2007,
    title = {Spule (Image) - Wikipedia},
    rights = {Von Miguel - Photograph, {CC} {BY}-{SA} 3.0,
              https://commons.wikimedia.org/w/index.php?curid=1534586},
    url = {
           https://upload.wikimedia.org/wikipedia/commons/thumb/a/a1/Electronic_component_inductors.jpg/1024px-Electronic_component_inductors.jpg
           },
    titleaddon = {Wikipedia},
    author = {Miguel, Photograph},
    urldate = {2024-05-28},
    date = {2007-01-06},
    langid = {german},
}

@image{leifi_induktions_anordnung,
    title = {Abb. 1 Erster Versuch zur elektromagnetischen Induktion},
    url = {
           https://www.leifiphysik.de/elektrizitaetslehre/elektromagnetische-induktion/grundwissen/induktionserscheinungen
           },
    urldate = {2024-06-01},
    langid = {german},
}

@image{leifi_induktion_funktionen,
    title = {Selbstinduktion und Induktivität},
    url = {
           https://www.leifiphysik.de/elektrizitaetslehre/elektromagnetische-induktion/grundwissen/selbstinduktion-und-induktivitaet
           },
    urldate = {2024-06-01},
    langid = {german},
}

@image{abiweb_ein_aus,
    title = {Ein-und Ausschaltvorgang des Spulenstroms},
    url = {
           https://www.abiweb.de/physik-elektromagnetismus/elektromagnetische-induktion/selbstinduktion.html
           },
    urldate = {2024-06-01},
    titleaddon = {Selbstinduktion: Ein- und Ausschaltevorgang des Spulenstroms},
    langid = {german},
}
@image{wiki_transformer,
    title={Philips N4422 - power supply transformer-2098.jpg},
    url={https://commons.wikimedia.org/wiki/File:Philips_N4422_-_power_supply_transformer-2098.jpg},
    urldate={2024-06-03},
    author={Raimond Spekking},
    langid={english},
}

@image{leifi_trans_ani1,
    author={Ingolf Sauer},
    institution={Joachim Herz Stiftung},
    title={Trafo2},
    url={http://www.leifiphysik.de},
    urldate={2024-06-03},
}
@image{leifi_trans_ani2,
    author={Ingolf Sauer},
    institution={Joachim Herz Stiftung},
    title={Trafo4},
    url={http://www.leifiphysik.de},
    urldate={2024-06-03},
}
@image{wiki_relais,
    author={Raimond Spekking},
    title={Links: Spule mit Anker, rechts die geöffneten Arbeitskontakte},
    langid={german},
    date={12. August 2021},
    urldate={2024-06-03},
    url={https://commons.wikimedia.org/w/index.php?curid=108419891}
}

@image{fuafev_image,
    author={Alexander Fuafev},
    url={https://de.fufaev.org/formeln/459},
    urldate={2024-06-07},
}
