@online{leifi,
	title = {Selbstinduktion und Induktivität {\textbar} {LEIFIphysik}},
	url = {https://www.leifiphysik.de/elektrizitaetslehre/elektromagnetische-induktion/grundwissen/selbstinduktion-und-induktivitaet},
	shorttitle = {leifi\_selbstinduktion},
	titleaddon = {{LEIFIphysik}},
	urldate = {2024-05-28},
	langid = {german},
	file = {Selbstinduktion und Induktivität | LEIFIphysik:/home/linusz/Zotero/storage/2W6RQQYM/selbstinduktion-und-induktivitaet.html:text/html},
}

@online{wiki_spule,
	title = {Spule (Elektrotechnik) – Wikipedia},
	url = {https://de.wikipedia.org/wiki/Spule_(Elektrotechnik)},
	shorttitle = {leifi\_spule},
	titleaddon = {{LEIFIphysik}},
	urldate = {2024-05-28},
	langid = {german},
	file = {Snapshot:/home/linusz/Zotero/storage/T5MLVBLH/Spule_(Elektrotechnik).html:text/html},
}

@online{ek_spule,
	title = {Spule / Spulen / Induktivität},
	url = {https://www.elektronik-kompendium.de/sites/bau/0207221.htm},
	urldate = {2024-05-28},
	langid = {german},
	file = {Snapshot:/home/linusz/Zotero/storage/AVYLB33U/0207221.html:text/html},
}

@online{rs_passive,
    title = {Passive Bauelemente},
    url = {https://de.rs-online.com/web/c/passive-bauelemente/},
    urldate = {2024-05-29},
    langid = {german},
}

@online{leifi_trans,
    title={Induktion und Transformator},
    url={https://www.leifiphysik.de/elektrizitaetslehre/induktion-und-transformator/grundwissen/transformator},
    urldate={2024-06-03},
    langid={german}
}

@online{fuafev,
    author={Alexander Fuafev},
    title={Formel: Spule},
    url={https://de.fufaev.org/formeln/459},
    urldate={2024-06-07},
}
